@book{molisch,
	author={Andreas F. Molisch},
	year={2011},
	title={Wireless Communications},
	publisher={John Wiley \& Sons},
	address={Oxford, UK},
	edition={2},
	pages={827 pages},
	keywords={langaton viestintä; langaton tiedonsiirto; Wireless communication systems.; Signal processing. - Digital techniques.; Electronic books.}
}

@techreport{itur,
    title = {\uppercase{ITU-R M.2134}: Requirements related to technical performance for \uppercase{IMT-A}dvanced radio interface(s)},
    institution = {ITU},
    year = {2008},
    howpublished = {\url{http://www.itu.int/dms_pub/itu-r/opb/rep/R-REP-M.2134-2008-PDF-E.pdf}}
}

@inproceedings{parkvall_lte,
	author={S. Parkvall and E. Englund and A. Furuskär and E. Dahlman and T. Jönsson and A. Paravati},
	year={2010},
	title={{LTE} evolution towards {IMT-Advanced} and commercial network performance},
	booktitle={2010 IEEE International Conference on Communication Systems (ICCS)},
	pages={151-155}
}

@electronic{radio_electronics,
    author = {{Adrio Communications Ltd}},
    title = {{LTE} Frequency Bands \& Spectrum Allocations},
    url = {http://www.radio-electronics.com/info/cellulartelecomms/lte-long-term-evolution/lte-frequency-spectrum.php},
    note = {Accessed: 2.6.2016}
}

@book{saunders,
	author={Simon R. Saunders and Alejandro Aragón-Zavala},
	year={2007},
	title={Antennas and Propagation for Wireless Communication Systems},
	publisher={John Wiley \& Sons},
	address={Chichester, UK},
	edition={2},
	pages={524 pages}
}

@phdthesis{holopainen_phd,
	author={Jari Holopainen},
	year={2011},
	title={Compact {UHF}-band antennas for mobile terminals: focus on modelling, implementation, and user interaction},
	journal={Aalto University publication series DOCTORAL DISSERTATIONS , 28/2011},
	pages={86 pages},
	school={Aalto University},
	keywords={capacitive coupling element; digital television; direct feed; equivalent circuits; hearing-aid compatibility; mobile antennas; receiving antennas; frequency-tuneable antennas; user effect}
}

@book{stutzman,
	author={Warren L. Stutzman and Gary A. Thiele},
	year={2011},
	title={Antenna Theory and Design},
	publisher={John Wiley \& Sons},
	address={Hoboken, NJ, USA},
	edition={3},
	pages={822 pages}
}

@book{balanis,
	author={Constantine A. Balanis},
	year={2005},
	title={Antenna Theory: analysis and design},
	publisher={John Wiley \& Sons},
	address={Hoboken, NJ, USA},
	edition={3},
	pages={1117 pages},
	keywords={antenner; antennit}
}

@book{pozar,
	author={David M. Pozar},
	year={2012},
	title={Microwave Engineering},
	publisher={John Wiley \& Sons},
	address={Hoboken, NJ, USA},
	edition={4},
	pages={732 pages},
	keywords={Microwaves.; Microwave devices.; Microwave circuits.}
}

@article{ilvonen_pier,
    author={J. Ilvonen and R. Valkonen and J. Holopainen and V. Viikari},
    title={Multiband frequency reconfigurable {4G} handset antenna with {MIMO} capability},
    journal={Progress In Electromagnetics Research},
    volume={148},
    pages={233-243}, 
    year={2014}
}

@article{lehtovuori_cce_bw,
	author={A. Lehtovuori and R. Valkonen and J. Ilvonen},
	year={2014},
	title={Designing Capacitive Coupling Element Antennas With Bandwidth Estimators},
	journal={IEEE Antennas and Wireless Propagation Letters},
	volume={13},
	pages={959-962}
}

@article{wu_pier,
    author={Z. Wu and H. Wang and P. Chen and W. Shen and G. Yang},
    title={A compact {GPS/WLAN} antenna design for mobile terminal with full metal housing},
    journal={Progress In Electromagnetics Research C},
    volume={64},
    pages={169-177}, 
    year={2016}
}

@article{zhong_pier,
    author={J. Zhong and R. M. Edwards and L. Ma and X.-W. Sun}, 
    title={Multiband slot antennas for metal back cover mobile handsets}, 
    journal={Progress In Electromagnetics Research Letters}, 
    volume={39},
    pages={115-126},
    year={2013}
}

@article{yuan_slot,
	author={B. Yuan and Y. Cao and G. Wang and B. Cui},
	year={2012},
	title={Slot Antenna for Metal-Rimmed Mobile Handsets},
	journal={IEEE Antennas and Wireless Propagation Letters},
	volume={11},
	pages={1334-1337}
}

@article{hsu_compact,
	author={C. K. Hsu and S. J. Chung},
	year={2015},
	title={Compact Multiband Antenna for Handsets With a Conducting Edge},
	journal={IEEE Transactions on Antennas and Propagation},
	volume={63},
	number={11},
	pages={5102-5107}
}

@inproceedings{stanley_lte_mimo,
	author={M. Stanley and Yi Huang and Hanyang Wang and S. S. Alja'afreh and Qian Xu and Lei Xing},
	year={2016},
	title={{LTE MIMO} Antenna Using Unbroken Metallic Rim and Non Resonant {CCE} element},
	booktitle={2016 10th European Conference on Antennas and Propagation (EuCAP)},
	pages={1-4}
}

@article{ban_dual_loop,
	author={Y. L. Ban and Y. F. Qiang and Z. Chen and K. Kang and J. H. Guo},
	year={2015},
	title={A Dual-Loop Antenna Design for Hepta-Band {WWAN/LTE} Metal-Rimmed Smartphone Applications},
	journal={IEEE Transactions on Antennas and Propagation},
	volume={63},
	number={1},
	pages={48-58}
}

@article{ban_low_profile,
	author={Y. L. Ban and Y. F. Qiang and Z. Chen and K. Kang and J. L. W. Li},
	year={2014},
	title={Low-Profile Narrow-Frame Antenna for Seven-Band {WWAN/LTE} Smartphone Applications},
	journal={IEEE Antennas and Wireless Propagation Letters},
	volume={13},
	pages={463-466}
}

@inproceedings{lee_monopole,
	author={D. Lee and W. C. Choi and J. Ahn and Y. J. Yoon},
	year={2015},
	title={A Simple Monopole Antenna for Hepta-band {LTE/WWAN} Metal-framed Mobile Phone},
	booktitle={2015 International Symposium on Antennas and Propagation (ISAP)},
	pages={1-3}
}

@inproceedings{wu_tunable,
	author={C. Y. Wu and Y. L. Kuo and K. C. Lin},
	year={2014},
	title={Low-profile tunable {WWAN} antenna for Whole-Metal-Covered mobile phone applications},
	booktitle={2014 International Symposium on Antennas and Propagation (ISAP)},
	pages={275-276}
}

@inproceedings{chen_compact_lte,
	author={P. Chen and P. Wang and Y. Yu and G. Yang},
	year={2016},
	title={A compact {LTE} antenna design for mobile device with full metal housing},
	booktitle={2016 International Workshop on Antenna Technology (iWAT)},
	pages={23-24}
}

@inproceedings{son_wideband_mimo,
	author={T. Son and Y. Jo},
	year={2015},
	title={Wideband mobile {MIMO} antenna for the metal cover phone},
	booktitle={TENCON 2015 - 2015 IEEE Region 10 Conference},
	pages={1-3}
}

@article{chen_metal_frame,
	author={H. Chen and A. Zhao},
	year={2016},
	title={{LTE} Antenna Design for Mobile Phone With Metal Frame},
	journal={IEEE Antennas and Wireless Propagation Letters},
	volume={15},
	pages={1462-1465}
}

@book{modern_small_antennas,
	author={Kyohei Fujimoto and Hisashi Morishita},
	year={2013},
	title={Modern Small Antennas},
	publisher={Cambridge University Press},
	address={Cambridge, UK},
	pages={472 pages},
	edition={1}
}

@phdthesis{lehtovuori_phd,
	author={Anu Lehtovuori},
	year={2015},
	title={On wideband matching circuits in handset antenna design},
	journal={Aalto University publication series DOCTORAL DISSERTATIONS; 123/2015},
	pages={90 pages},
	school={Aalto University},
	keywords={impedance matching; mobile antennas; circuits; capacitive coupling element; impedanssisovitus; mobiiliantennit; piirit; kapasitiivinen kytkentäelementti}
}

@phdthesis{valkonen_phd,
	author={Risto Valkonen},
	year={2013},
	title={Impedance matching and tuning of non-resonant mobile terminal antennas},
	journal={Aalto University publication series DOCTORAL DISSERTATIONS; 40/2013},
	pages={91 pages},
	school={Aalto University},
	keywords={mobile antennas; capacitive coupling element; impedance matching; frequency tuning; equivalent circuits; electromagnetic user interaction; mobiiliantennit; kapasitiivinen kytkentäelementti; impedanssisovitus; taajuussäätö; piirimalli; sähkömagneettinen käyttäjävuorovaikutus}
}

@article{ying_mobile_antennas,
	author={Z. Ying},
	year={2012},
	title={Antennas in Cellular Phones for Mobile Communications},
	journal={Proceedings of the IEEE},
	volume={100},
	number={7},
	pages={2286-2296},
	keywords={MIMO communication; cellular radio; mobile antennas; GSM; HAC; HSPA; LTE systems; MIMO terminals; OTA; SAR; WCDMA; cellular phones; hearing aid compatibility; high-date rate cellular wireless communication; mobile communications; mobile industry; mobile phone antenna; multiple-input-multiple-output terminals; noncellular RF bands; noncellular radiofrequency bands; over the air; specific absorption rates; Bandwidth allocation; Dipole antennas; MIMO; Mobile communication; Mobile handsets; Synthetic aperture radar; Body effect; LTE antenna; MIMO antenna; integrated antenna; mobile terminal antenna; multiband small antenna; over-the-air (OTA) performance},
}

@article{ilvonen_design_strat,
	author={J. Ilvonen and R. Valkonen and J. Holopainen and V. Viikari},
	year={2014},
	title={Design Strategy for 4G Handset Antennas and a Multiband Hybrid Antenna},
	journal={IEEE Transactions on Antennas and Propagation},
	volume={62},
	number={4},
	pages={1918-1927},
	keywords={4G mobile communication; Long Term Evolution; hearing aids; mobile antennas; multifrequency antennas; 4G handset antennas; HAC; LTE-A mobile handsets; SAR; diversity gain; frequency 2110 MHz to 3600 MHz; frequency 698 MHz to 2900 MHz; hearing aid compatibility; multiband hybrid antenna; specific absortion rate; Antenna feeds; Antenna measurements; Bandwidth; Broadband antennas; Antenna diversity; LTE communication systems; capacitive coupling element (CCE) antenna; inverted-L antenna (ILA); multiantenna; multiband; user effect}
}

@article{valkonen_cce,
	author={R. Valkonen and M. Kaltiokallio and C. Icheln},
	year={2013},
	title={Capacitive Coupling Element Antennas for Multi-Standard Mobile Handsets},
	journal={IEEE Transactions on Antennas and Propagation},
	volume={61},
	number={5},
	pages={2783-2791},
	keywords={Long Term Evolution; UHF antennas; antenna feeds; impedance matching; radio transceivers; smart phones; software radio; telecommunication standards; CCE; LTE-A frequency; capacitive coupling element antenna; circuit design; compact smartphone chassis; dual-branch impedance matching circuit; dual-feed interface; frequency 1710 MHz to 2690 MHz; frequency 698 MHz to 960 MHz; frequency 750 MHz to 2500 MHz; multistandard mobile handset; single-feed interface; software defined radio receiver; transceiver front-end; Antennas; Bandwidth; Couplings; Impedance; Radio frequency; Receivers; Resonant frequency; Diplexers; mobile antennas; tunable circuits and devices; tuning}
}

@article{villanen_cce,
	author={Juha Villanen and Jani Ollikainen and Outi Kivekäs and Pertti Vainikainen},
	year={2006},
	title={Coupling element based mobile terminal antenna structures},
	journal={IEEE Transactions on Antennas and Propagation},
	volume={54},
	number={7},
	pages={2142-2153},
	keywords={electromagnetic coupling; mobile antennas; telecommunication terminals; characteristic wavemodes; internal low-volume antenna structures; matching circuit; mobile terminal antenna structure; nonresonant coupling element; terminal chassis; Antenna feeds; Bandwidth; Coupling circuits; Dielectric resonator antennas; Dipole antennas; Electromagnetic compatibility; RLC circuits; Resonance; Tuned circuits; Chassis; coupling element; low-volume antenna; mobile terminal antennas; multisystem}
}

@article{vainikainen_resonator_analysis,
	author={P. Vainikainen and J. Ollikainen and O. Kivekäs and Il. Kelander},
	year={2002},
	title={Resonator-based analysis of the combination of mobile handset antenna and chassis},
	journal={IEEE Transactions on Antennas and Propagation},
	volume={50},
	number={10},
	pages={1433-1444},
	keywords={Q-factor; antenna theory; electric impedance; electromagnetic coupling; equivalent circuits; microstrip antennas; mobile antennas; mobile handsets; parameter estimation; resonators; 120 mm; 1800 MHz; 900 MHz; 980 MHz; double resonator equivalent circuit; impedance bandwidth; matching element; mobile handset antenna; mobile handset chassis; patch antenna; planar inverted-F antenna; radiation losses; resonant wavemodes; specific absorption rate; Bandwidth; Circuit optimization; Coupling circuits; Impedance; Performance analysis; Resonance; Telephone sets}
}

%@book{planar_antennas,
%	author={Kin-Lu Wong},
%	year={2003},
%	title={Planar antennas for wireless communications},
%	publisher={Wiley-Interscience},
%	address={Hoboken, NJ, USA},
%	pages={301 pages},
%	keywords={Microstrip antennas.}
%}

@book{planar_antennas,
	author={Zhi Ning Chen and Michael Y. W. Chia},
	year={2006},
	title={Broadband planar antennas: design and applications},
	publisher={John Wiley \& Sons},
	address={Chichester, UK},
	edition={1},
	pages={243},
	keywords={Antennas (Electronics); Microstrip antennas.; Broadband communication systems. - Equipment and supplies.}
}

@book{volakis,
  title={Antenna Engineering Handbook},
  author={John L. Volakis},
  year={2007},
  edition={4},
  publisher={McGraw-Hill},
  address={New York, NY, USA},
  pages={1872 pages}
}

@online{cst,
    author = {{CST Computer Simulation Technology AG, Darmstadt, Germany}},
    title = {{"\uppercase{CST MICROWAVE STUDIO}\circledR"}},
    url = {https://www.cst.com/products/cstmws}
}

@online{optenni,
    author = {{Optenni Ltd., Espoo, Finland}},
    title = {{"{O}ptenni {L}ab"}},
    url = {http://www.optenni.com}
}

@online{awr,
    author = {{National Instruments AWR Software, El Segundo, CA, USA}},
    title = {"{NI AWR D}esign {E}nvironment\texttrademark\ {M}icrowave {O}ffice\textregistered"},
    url = {http://www.awrcorp.com/products/microwave-office}
}

@article{high_order_mimo,
    author = {Zhaoliang Chenand and Wen Geyi and Ming Zhang and Jun Wang},
    title = {A Study of Antenna System for High Order MIMO Device},
    journal= {International Journal of Antennas and Propagation},
    volume = {2016},
    pages = {14},
    year = {2016}
}

@online{murata,
    author = {{Murata Manufacturing Co., Ltd., Kyoto, Japan}},
    url = {http://www.murata.com/}
}

@online{murata_c,
    author ={{Murata Manufacturing Co., Ltd., Kyoto, Japan}},
    title = {Chip Monolithic Ceramic Capacitors Catalog},
    url = {http://www.murata.com/~/media/webrenewal/support/library/catalog/products/capacitor/mlcc/c02e.ashx}
}

@online{murata_l,
    author ={{Murata Manufacturing Co., Ltd., Kyoto, Japan}},
    title = {Chip Inductors (Chip Coils) Catalog},
    url = {http://www.murata.com/~/media/webrenewal/support/library/catalog/products/inductor/chip/o05e.ashx}
}



@article{valkonen_multifeed,
	author={R. Valkonen and J. Ilvonen and C. Icheln and P. Vainikainen},
	year={2013},
	title={Inherently non-resonant multi-band mobile terminal antenna},
	journal={Electronics Letters},
	volume={49},
	number={1},
	pages={11-13},
	keywords={mobile antennas; mobile handsets; multifrequency antennas; capacitive coupling element antenna; compact antenna; frequency 1710 MHz to 2690 MHz; frequency 698 MHz to 960 MHz; mobile terminal antenna; multiband matching circuit; nonresonant multiband antenna}
}

@inproceedings{20ant,
	author={P. Vainikainen and J. Holopainen and C. Icheln and O. Kivekäs and M. Kyrö and M. Mustonen and S. Ranvier and R. Valkonen and J. Villanen},
	year={2009},
	title={{More Than 20 Antenna Elements in Future Mobile Phones, Threat or Opportunity?}},
	booktitle={2009 3rd European Conference on Antennas and Propagation (EuCAP)},
	pages={2940-2943}
}

@book{multiantenna_mimo_book,
	author={Franco {De Flaviis} and Lluis Joffre and Jordi Romeu and Alfred Grau},
	year={2008},
	title={Multiantenna systems for MIMO communications},
	publisher={Morgan \& Claypool Publishers},
	address={San Rafael, CA, USA},
	pages={266 pages},
	keywords={Antenna arrays; Wireless communication systems; MIMO systems; Multiantenna systems; MIMO; Channel coding; Radio channel; Antenna modeling; Antenna diversity techniques; Decorrelation networks}
}

@article{ecc_paper,
	author={S. Blanch and J. Romeu and I. Corbella},
	year={2003},
	title={Exact representation of antenna system diversity performance from input parameter description},
	journal={Electronics Letters},
	volume={39},
	number={9},
	pages={705-707},
	keywords={S-parameters; antenna theory; diversity reception; electromagnetic coupling; impedance matching; antenna system diversity performance; envelope correlation; input match; input parameter description; mutual coupling; the S-parameter description}
}


@book{mimo_cellular_networks,
	author={Howard C. Huang and Constantinos B. Papadias and Sivarama Venkatesan},
	year={2012},
	title={MIMO Communication for Cellular Networks},
	publisher={Springer},
	address={New York, NY, USA},
	pages={329 pages},
	abstract={As the theoretical foundations of multiple-antenna (MIMO) techniques evolve and these techniques become essential for providing high data rates in wireless systems, there is a growing need to better understand the performance limits of MIMO in practical networks. To address this need, MIMO Communication for Cellular Networks presents a systematic description of MIMO technology classes and a framework for MIMO system design that accounts for the essential physical-layer features of practical cellular networks. Unlike books that focus on the theoretical performance of abstract MIMO channels, thi.},
	keywords={MIMO systems; Inge´nierie; Engineering; Data transmission systems; Computer Communication Networks; Telecommunication}
}


@book{mimo_sibille,
	author={Alain Sibille and Claude Oestges and Alberto Zanella},
	year={2011},
	title={MIMO: From Theory to Implementation},
	publisher={Academic Press},
	address={London, UK},
	pages={385 pages},
	keywords={MIMO systems.; elektroninen kurssikirja; Electronic books.}
}


@inproceedings{reduce_ecc,
	author={G. Srinivas and D. Jabin and A. K. Singh},
	year={2014},
	title={{Multiband {MIMO} antenna with reduction in mutual coupling and {ECC}}},
	booktitle={2014 Students Conference on Engineering and Systems (SCES)},
	pages={1-5}
}

@article{reduce_ecc2,
	author={S. Zhang and A. A. Glazunov and Z. Ying and S. He},
	year={2013},
	title={{Reduction of the Envelope Correlation Coefficient With Improved Total Efficiency for Mobile {LTE} {MIMO} Antenna Arrays: Mutual Scattering Mode}},
	journal={IEEE Transactions on Antennas and Propagation},
	volume={61},
	number={6},
	pages={3280-3291},
	keywords={Antenna radiation patterns; Correlation; Correlation coefficient; Impedance matching; MIMO; Mobile communication; Q factor; mobile antennas; multiple-input and multiple-output (MIMO) system}
}


@book{mobile_antennas_handbook,
	author={Kyohei Fujimoto and J. R. James},
	year={2008},
	title={Mobile antenna systems handbook},
	publisher={Artech House},
	address={Boston, MA, USA},
	edition={3},
	pages={789},
	keywords={Mobile communication systems; Antennas (Electronics)}
}


@article{dipole_example1,
	author={D. Zhou and R. A. Abd-Alhameed and C. H. See and A. G. Alhaddad and P. S. Excell},
	year={2010},
	title={Compact wideband balanced antenna for mobile handsets},
	journal={IET Microwaves, Antennas \& Propagation},
	volume={4},
	number={5},
	pages={600-608},
	keywords={3G mobile communication; antenna radiation patterns; baluns; broadband antennas; dipole antennas; mobile antennas; mobile handsets; planar antennas; wireless LAN; built-in planar dipole; digital communication system; frequency 1710 MHz to 2170 MHz; frequency 2400 MHz to 2484 MHz; personal communication system; planar balun; proximity effects; return loss; specific absorption rate; universal mobile telecommunications system; wideband balanced antenna; wireless local area network}
}

@inproceedings{dipole_example2,
	author={K. Ishimiya and J. i. Takada},
	year={2007},
	title={Multi-band Folded dipole antenna for Mobile phone},
	booktitle={2007 International workshop on Antenna Technology: Small and Smart Antennas Metamaterials and Applications},
	pages={275-278}
}


@article{monopole_example1,
	author={Z. Liang and Y. Li and Y. Long},
	year={2014},
	title={Multiband Monopole Mobile Phone Antenna With Circular Polarization for {GNSS} Application},
	journal={IEEE Transactions on Antennas and Propagation},
	volume={62},
	number={4},
	pages={1910-1917},
	keywords={3G mobile communication; UHF antennas; antenna radiation patterns; cellular radio; mobile antennas; monopole antennas; multifrequency antennas; polarisation; satellite navigation; AR bandwidth; AR spectrum; AR-BW; COMPASS; DCS; GLONASS; GNSS application; GPS; GSM; ISM; L1 band; PCS; UMTS; WiBro; axial ratio bandwidth; broadside directions; circular polarization; equivalent circuit network; feeding strip; frequency 1540 MHz to 1630 MHz; frequency 1710 MHz to 1880 MHz; frequency 1850 MHz to 1990 MHz; frequency 1920 MHz to 2170 MHz; frequency 2300 MHz to 2390 MHz; frequency 2400 MHz to 2483 MHz; frequency 880 MHz to 960 MHz; ground plane; left hand circularly polarizations; multiband monopole mobile phone antenna; peak circularly polarized gain; radiation characteristics; resonant frequencies; return loss; right hand circularly polarizations; shorted parasitic strip; tuning stub; wireless communication systems; Bandwidth; Global Positioning System; Impedance; Mobile handsets; Polarization; GNSS antenna; mobile phone antenna; monopole antenna}
}

@article{monopole_example2,
	author={Y. Wang and Z. Du},
	year={2016},
	title={Wideband Monopole Antenna With Less Nonground Portion For Octa-Band {WWAN/LTE} Mobile Phones},
	journal={IEEE Transactions on Antennas and Propagation},
	volume={64},
	number={1},
	pages={383-388},
	keywords={Long Term Evolution; S-parameters; UHF antennas; antenna radiation patterns; broadband antennas; current distribution; mobile antennas; mobile handsets; monopole antennas; multifrequency antennas; wide area networks; GSM1800 band; GSM1900 band; GSM850 band; GSM900 band; LTE2300 band; LTE2500 band; LTE700 band; OctaBand WWAN-LTE mobile phone; S-parameter; UMTS band; antenna radiation performance; bandwidth 1.11 GHz; bandwidth 290 MHz; folded metal plate; frequency 0.69 GHz to 0.98 GHz; frequency 1.63 GHz to 2.74 GHz; lumped-element high-pass matching circuit; nonground portion; surface current distribution; wideband monopole antenna; Mobile communication; Resonant frequency; Tuning; Mobile antenna; Mobile phone; non-ground portion; small size; wideband/multi-band; wideband/multiband}
}


@inproceedings{microstrip_example1,
	author={K. Simanee and M. Uthansakul and P. Uthansakul},
	year={2011},
	title={A switched-beam microstrip antenna for {3G} mobile phone},
	booktitle={2011 International Symposium on Intelligent Signal Processing and Communications Systems (ISPACS)},
	pages={1-4}
}

@article{microstrip_example2,
	author={Y. J. Chou and G. S. Lin and J. F. Chen and L. S. Chen and M. P. Houng},
	year={2015},
	title={Design of {GSM/LTE} multiband application for mobile phone antennas},
	journal={Electronics Letters},
	volume={51},
	number={17},
	pages={1304-1306},
	keywords={Long Term Evolution; antenna feeds; cellular radio; microstrip lines; mobile antennas; mobile handsets; monopole antennas; multifrequency antennas; planar antennas; FR4 substrate; GSM application; LTE application; compact multiband planar antenna fed; coupled ground line; frequency 1800 MHz; frequency 1900 MHz; frequency 2300 MHz; frequency 2500 MHz; frequency 900 MHz; global system for mobile communication; long-term evolution; microstrip line structure; mobile phone antennas; monopole antenna; multiband application; wireless communication applications}
}


@inproceedings{loop_example1,
	author={C. W. Chiu and C. H. Chang and Y. J. Chi},
	year={2010},
	title={A compact folded loop antenna for LTE/GSM band mobile phone applications},
	booktitle={2010 International Conference on Electromagnetics in Advanced Applications (ICEAA)},
	pages={382-385}
}

@inproceedings{loop_example2,
	author={W. S. Chen and Y. T. Liu and W. H. Hsu},
	year={2011},
	title={Multi-frequency printed loop antenna for mobile phone application},
	booktitle={2011 IEEE International Symposium on Antennas and Propagation (APSURSI)},
	pages={1926-1928}
}

@unpublished{loop_example3,
  author = 	 {H. Wang and Y. Wang and J. Wu and P. Chen and Z. Wu and C. Y. D. Sim and G. Yang},
  year = 	 {2016},
  title = 	 {Small-size Reconfigurable Loop Antenna for Mobile Phone Applications},
  url =      {http://ieeexplore.ieee.org/document/7518637/}
}


@inproceedings{slot_example1,
	author={W. H. Zong and X. Y. Wei},
	year={2015},
	title={A wideband slot antenna for moblie phone applications},
	booktitle={2015 IEEE MTT-S International Microwave Workshop Series on Advanced Materials and Processes for RF and THz Applications (IMWS-AMP)},
	pages={1-3}
}

@inproceedings{slot_example2,
	author={C. H. Chang and P. J. Ma and W. C. Wei and S. Y. Huang},
	year={2012},
	title={Simple printed penta-band {WWAN} monopole slot antenna for mobile phone application},
	booktitle={2012 Asia Pacific Microwave Conference Proceedings},
	pages={1160-1162}
}


@inproceedings{pifa_example1,
	author={S. Saini and R. Kaur and N. Kumar and P. Sahni},
	year={2016},
	title={A parametric study of {P}lanar {I}nverted {F} {A}ntenna {(PIFA)} for mobile application},
	booktitle={2016 3rd International Conference on Signal Processing and Integrated Networks (SPIN)},
	pages={557-561}
}

@inproceedings{pifa_example2,
	author={R. J. E. Bakouchi and A. Ghammaz},
	year={2015},
	title={A quad-band compact {PIFA} operating in the {GSM1800/GSM1900/UMTS/LTE2300/LTE2500/2.4-GHz WLAN} bands for mobile terminals},
	booktitle={2015 Third World Conference on Complex Systems (WCCS)},
	pages={1-4}
}

@article{pila_example1,
	author={S. S. Alja’afreh and Y. Huang and L. Xing and Q. Xu and X. Zhu},
	year={2015},
	title={A Low-Profile and Wideband {PILA}-Based Antenna for Handset Diversity Applications},
	journal={IEEE Antennas and Wireless Propagation Letters},
	volume={14},
	pages={923-926},
	keywords={MIMO communication; UHF antennas; antenna radiation patterns; broadband antennas; diversity reception; mobile antennas; mobile handsets; multifrequency antennas; planar antennas; MIMO applications; PILA; dual-element antenna; frequency 1700 MHz to 2850 MHz; ground plane notch; ground plane strip; low-profile wideband planar inverted-L antenna; mobile handset diversity applications; multiple input multiple output applications; parasitic radiator; pattern diversity; reflection coefficient; single-element antenna; spatial diversity; Antenna measurements; Diversity methods; Frequency measurement; MIMO; Diversity antenna; low-profile antenna; multiple-input multiple-output (MIMO); planar inverted-L antenna; wideband antenna}
}


@inproceedings{valkonen_cce2,
	author={R. Valkonen and A. Lehtovuori and D. Manteuffel},
	year={2014},
	title={Capacitive coupling elements — Changing the way of designing antennas},
	booktitle={2014 8th European Conference on Antennas and Propagation (EuCAP)},
	pages={229-233}
}

@phdthesis{ilvonen_phd,
	author={Janne Ilvonen},
	year={2014},
	title={Multiband and environment insensitive handset antennas},
	journal={Aalto University publication series DOCTORAL DISSERTATIONS; 184/2014},
	school={Aalto University},
	pages={100},
	keywords={balanced antenna; capacitive coupling element; frequency tuning; MIMO systems; mobile antennas; multiple antennas; user effect; balansoidut antennit; kapasitiivinen kytkentäelementti; käyttäjän vaikutus; mobiiliantennit; monielementtijärjestelmät; taajuusviritys}
}

@article{hybrid,
	author={J. W. Lian and Y. L. Ban and Y. L. Yang and L. W. Zhang and C. Y. D. Sim and K. Kang},
	year={2016},
	title={Hybrid Multi-Mode Narrow-Frame Antenna for {WWAN/LTE} Metal-Rimmed Smartphone Applications},
	journal={IEEE Access},
	volume={4},
	pages={3991-3998},
	keywords={3G mobile communication; Long Term Evolution; cellular radio; mobile antennas; slot antennas; smart phones; wide area networks; DCS; GSM; LTE; PCS; UMTS; WWAN; coupled-loop modes; hybrid multimode narrow frame antenna; metal rimmed smartphone applications; slot mode; Metal rims; Multi-mode communication; Narrow frame antennas; Multi-mode; metal rim; narrow-frame antenna; smartphone}%,
	%url={http://ieeexplore.ieee.org/document/7517317/}
}

@article{reconf_narrow,
	author={Y. L. Ban and Y. F. Qiang and G. Wu and H. Wang and K. L. Wong},
	year={2016},
	title={Reconfigurable narrow-frame antenna for {LTE/WWAN} metal-rimmed smartphone applications},
	journal={IET Microwaves, Antennas \& Propagation},
	volume={10},
	number={10},
	pages={1092-1100},
	keywords={Long Term Evolution; UHF antennas; loop antennas; multifrequency antennas; p-i-n diodes; smart phones; wide area networks; GSM850/DCS/PCS/UMTS2100/LTE2300/2500 operations; GSM900/DCS/PCS/UMTS2100/LTE2300/2500 operations; LTE-WWAN metal-rimmed smartphone applications; PIN diode; decoupled multiantennas; ground clearance; hepta-band LTE-WWAN antenna; reconfigurable narrow-frame coupled-loop antenna}
}

@article{hepta_ifa,
	author={Y. Liu and Y. m. Zhou and G. f. Liu and S. x. Gong},
	year={2016},
	title={Heptaband {I}nverted-{F} {A}ntenna for {M}etal-{R}immed {M}obile {P}hone {A}pplications},
	journal={IEEE Antennas and Wireless Propagation Letters},
	volume={15},
	pages={996-999},
	keywords={Long Term Evolution; antenna radiation patterns; mobile handsets; multifrequency antennas; planar inverted-F antennas; GSM850/900-DCS-PCS-UMTS 2100-LTE 2300/2500 operating bands; antenna radiation pattern performance; heptaband WWAN-LTE operations; heptaband inverted-F antenna; metal-rimmed mobile phone; multiband antenna; radiation efficiency; reflection coefficients; three-part frame; Antenna measurements; Metals; Mobile antennas; Slot antennas; Broken metal rim; WWAN/LTE operations; inverted-F antenna}
}

@unpublished{kimmo,
    author={K. Rasilainen and A. Lehtovuori and V. Viikari},
    title={{LTE} Handset Antenna with Closely-Located Radiators, Low-Band {MIMO}, and High Efficiency},
    note={Submitted to 2017 11th European Conference on Antennas and Propagation (EuCAP)}
}

@misc{cisco,
    author={Cisco},
    title={Cisco visual networking index: Global mobile data traffic forecast update, 2014–2019}, 
    address={San Jose, CA, USA}, 
    year={2015},
    url={http://www.cisco.com/c/en/us/solutions/collateral/service-provider/visual-networking-index-vni/white_paper_c11-520862.pdf}
}

@misc{ericsson,
    author={Ericsson},
    title={Ericsson mobility report – On the pulse of the networked society},
    address={Stockholm, Sweden},
    year={2014},
    url={http://www.ericsson.com/res/docs/2014/ericsson-mobility-report-november-2014.pdf}
}

@misc{nokia,
    author={Nokia},
    title={Looking ahead to {5G}},
    address={Espoo, Finland},
    year={2014},
    url={http://networks.nokia.com/sites/default/files/document/5g_white_paper_0.pdf}
}

@electronic{gsma,
    author={{GSMA Intelligence}},
    note={Accessed: 26.9.2016},
    title={Definitive data and analysis for the mobile industry},
    url={https://www.gsmaintelligence.com/}
}

@electronic{phone_evolution,
    author={Hongkiat},
    title={Evolution of Mobile Phones: 1995–2012},
    url={http://www.hongkiat.com/blog/evolution-of-mobile-phones/},
    note={Accessed: 26.9.2016}
}

@inproceedings{lehtovuori_wideband_match,
	author={A. Lehtovuori and J. Ilvonen and R. Valkonen},
	year={2015},
	title={Wideband matching of handset antenna ports at noncontiguous frequency bands},
	booktitle={2015 9th European Conference on Antennas and Propagation (EuCAP)},
	pages={1-5}
}

@article{anguera,
	author={J. Anguera and A. Andújar and C. García},
	year={2013},
	title={Multiband and Small Coplanar Antenna System for Wireless Handheld Devices},
	journal={IEEE Transactions on Antennas and Propagation},
	volume={61},
	number={7},
	pages={3782-3789}
}


@electronic{phone_evolution2,
    author={WebdesignerDepot},
    title={The Evolution of Cell Phone Design Between 1983-2009},
    url={http://www.webdesignerdepot.com/2009/05/the-evolution-of-cell-phone-design-between-1983-2009/},
    note={Accessed: 26.9.2016}
}